
@mastersthesis{Fernandes2024,
  author       = {Eduardo Rocha Fernandes},
  title        = {Streamlining the Analysis of Phishing Emails Using Artificial Intelligence},
  school       = {University of Aveiro},
  year         = {2024},
  address      = {Aveiro, Portugal},
  type         = {Master's thesis},
  url          = {http://hdl.handle.net/10773/45053},
  note         = {Accessed: 2025-10-02}
}

@article{DEROUET20165,
title = {Fighting phishing and securing data with email authentication},
journal = {Computer Fraud \& Security},
volume = {2016},
number = {10},
pages = {5-8},
year = {2016},
issn = {1361-3723},
doi = {https://doi.org/10.1016/S1361-3723(16)30079-3},
url = {https://www.sciencedirect.com/science/article/pii/S1361372316300793},
author = {Estelle Derouet}
}

@misc{uddin2025,
title={An Explainable Transformer-based Model for Phishing Email Detection: A Large Language Model Approach}, 
author={Mohammad Amaz Uddin and Md Mahiuddin and Iqbal H. Sarker},
year={2025},
eprint={2402.13871},
archivePrefix={arXiv},
primaryClass={cs.LG},
url={https://arxiv.org/abs/2402.13871}, 
}

@Article{app15063396,
AUTHOR = {Alhuzali, Abeer and Alloqmani, Ahad and Aljabri, Manar and Alharbi, Fatemah},
TITLE = {In-Depth Analysis of Phishing Email Detection: Evaluating the Performance of Machine Learning and Deep Learning Models Across Multiple Datasets},
JOURNAL = {Applied Sciences},
VOLUME = {15},
YEAR = {2025},
NUMBER = {6},
ARTICLE-NUMBER = {3396},
URL = {https://www.mdpi.com/2076-3417/15/6/3396},
ISSN = {2076-3417},
DOI = {10.3390/app15063396}
}

@article{PATRA2025110403,
title = {Phishing email detection using vector similarity search leveraging transformer-based word embedding},
journal = {Computers and Electrical Engineering},
volume = {124},
pages = {110403},
year = {2025},
issn = {0045-7906},
doi = {https://doi.org/10.1016/j.compeleceng.2025.110403},
url = {https://www.sciencedirect.com/science/article/pii/S0045790625003465},
author = {Chanchal Patra and Debasis Giri and Sutanu Nandi and Ashok Kumar Das and Mohammed J.F. Alenazi},
keywords = {Phishing, Similarity search, Vector database, Transformers, Phishing emails, Security}
}

@Article{electronics12204261,
AUTHOR = {Atawneh, Samer and Aljehani, Hamzah},
TITLE = {Phishing Email Detection Model Using Deep Learning},
JOURNAL = {Electronics},
VOLUME = {12},
YEAR = {2023},
NUMBER = {20},
ARTICLE-NUMBER = {4261},
URL = {https://www.mdpi.com/2079-9292/12/20/4261},
ISSN = {2079-9292},
DOI = {10.3390/electronics12204261}
}

@Article{electronics13244877,
AUTHOR = {Meléndez, René and Ptaszynski, Michal and Masui, Fumito},
TITLE = {Comparative Investigation of Traditional Machine-Learning Models and Transformer Models for Phishing Email Detection},
JOURNAL = {Electronics},
VOLUME = {13},
YEAR = {2024},
NUMBER = {24},
ARTICLE-NUMBER = {4877},
URL = {https://www.mdpi.com/2079-9292/13/24/4877},
ISSN = {2079-9292},
DOI = {10.3390/electronics13244877}
}

@mastersthesis{salian2024enhancing,
author = {Sai Prasad Sadashiv Salian},
title = {Enhancing Phishing Email Detection with Sentiment Analysis: A Hybrid Approach},
school = {National College of Ireland},
year = {2024},
address = {Dublin, Ireland},
type = {Master’s thesis},
note = {Masters thesis, DistilBERT + SVM sentiment-aware embeddings},
url = {https://norma.ncirl.ie/8363/}
}

@misc{rfc5322,
    series =    {Request for Comments},
    number =    5322,
    howpublished =  {RFC 5322},
    publisher = {RFC Editor},
    doi =       {10.17487/RFC5322},
    url =       {https://www.rfc-editor.org/info/rfc5322},
    author =    {Pete Resnick},
    title =     {{Internet Message Format}},
    pagetotal = 57,
    year =      2008,
    month =     oct
}

@misc{rfc6854,
    series =    {Request for Comments},
    number =    6854,
    howpublished =  {RFC 6854},
    publisher = {RFC Editor},
    doi =       {10.17487/RFC6854},
    url =       {https://www.rfc-editor.org/info/rfc6854},
    author =    {Barry Leiba},
    title =     {{Update to Internet Message Format to Allow Group Syntax in the "From:" and "Sender:" Header Fields}},
    pagetotal = 9,
    year =      2013,
    month =     mar
}

@techreport{IC32024,
  title        = {2024 IC3 Annual Report},
  author       = {{Internet Crime Complaint Center (IC3)}},
  institution  = {Federal Bureau of Investigation / U.S. Department of Justice},
  year         = {2024},
  type         = {Technical report},
  url          = {https://www.ic3.gov/AnnualReport/Reports/2024_IC3Report.pdf},
  note         = {Accessed: 2025-10-02}
}

@inproceedings{klimt2004enron,
  title={Introducing the Enron corpus},
  author={Klimt, Bryan and Yang, Yiming},
  booktitle={CEAS Conference on Email and Anti-Spam},
  year={2004},
  organization={CEAS}
}

@inproceedings{metsis2006spam,
  title={Spam filtering with naive bayes—which naive bayes?},
  author={Metsis, Vangelis and Androutsopoulos, Ion and Paliouras, Georgios},
  booktitle={Third Conference on Email and Anti-Spam (CEAS)},
  year={2006}
}

@article{mahmoud2023phishing,
  title={Phishing Detection Using Machine Learning and Deep Learning: A Review},
  author={Mahmoud, Mohamed M and Altaher, Amr},
  journal={Applied Sciences},
  volume={13},
  number={15},
  pages={8780},
  year={2023},
  publisher={MDPI}
}

@article{champa2025curated,
  title={Curated Datasets and Feature Analysis for Phishing Email Detection with Machine Learning},
  author={Champa, Anamul I. and Rabbi, Md F. and Zibran, Md F.},
  journal={ResearchGate Preprint},
  year={2025},
  note={Available at \url{https://www.researchgate.net/publication/382212910}}
}

@article{caripoti2025ephishgen,
  title={E-PhishGen: Unlocking Novel Research in Phishing Email Detection},
  author={Caripoti, Edoardo and Pajola, Luca and Pizzi, Stefano and Conti, Mauro and Apruzzese, Giovanni},
  journal={arXiv preprint arXiv:2509.01791},
  year={2025}
}

@article{patra2024epvme,
  title={A combined feature selection approach for malicious email detection: Introducing the EPVME dataset},
  author={Patra, Jagannath and Prasad, P. and Rao, B.},
  journal={Cybersecurity},
  volume={7},
  number={1},
  pages={1--20},
  year={2024},
  publisher={SpringerOpen}
}

@mastersthesis{caripoti2024synthetic,
  title={Synthetic Data Generation for Email Phishing Detection},
  author={Caripoti, Edoardo},
  school={University of Padua},
  year={2024},
  note={Available at \url{https://thesis.unipd.it/handle/20.500.12608/84772}}
}
